@article{Micci-Barreca,
author = {Micci-Barreca, Daniele},
title = {A preprocessing scheme for high-cardinality categorical attributes in classification and prediction problems},
year = {2001},
issue_date = {July 2001},
publisher = {Association for Computing Machinery},
address = {New York, NY, USA},
volume = {3},
number = {1},
issn = {1931-0145},
url = {https://doi.org/10.1145/507533.507538},
doi = {10.1145/507533.507538},
journal = {SIGKDD Explor. Newsl.},
month = jul,
pages = {27–32},
numpages = {6},
keywords = {predictive models, neural networks, hierarchical attributes, empirical bayes, categorical attributes}
}

@article{wilson2000reduction,
  author    = {Wilson, Dennis R. and Martinez, Tony R.},
  title     = {Reduction Techniques for Instance-Based Learning Algorithms},
  journal   = {Machine Learning},
  volume    = {38},
  number    = {3},
  pages     = {257--286},
  year      = {2000},
  publisher = {Springer},
  doi       = {10.1023/A:1007626913721},
  url       = {https://doi.org/10.1023/A:1007626913721}
}
@article{wilson1972asymptotic,
  author    = {Wilson, D. L.},
  title     = {Asymptotic Properties of Nearest Neighbor Rules Using Edited Data},
  journal   = {IEEE Transactions on Systems, Man, and Cybernetics},
  volume    = {2},
  number    = {3},
  pages     = {408--421},
  year      = {1972},
  publisher = {IEEE}
}

@inproceedings{vazquez2005,
author = {Vázquez, Fernando and Sánchez, Josep and Pla, Filiberto},
year = {2005},
month = {01},
pages = {35-42},
title = {A Stochastic Approach to Wilson's Editing Algorithm.}
}

@article{chang2006adaptive,
  title={Adaptive Prototype Learning Algorithms: Theoretical and Experimental Studies},
  author={Chang, Fu and Lin, Chin-Chin and Lu, Chi-Jen},
  journal={Journal of Machine Learning Research},
  volume={7},
  pages={2125--2148},
  year={2006},
  publisher={JMLR. org}
}

@article{quadratic,
  author = {Dagher, I.},
  title = {Quadratic kernel-free non-linear support vector machine},
  journal = {Journal of Global Optimization},
  volume = {41},
  pages = {15--30},
  year = {2008},
  doi = {10.1007/s10898-007-9162-0}
}
@article{tanh,
author = {Lin, Hsuan-Tien and Lin, Chih-Jen},
year = {2003},
month = {06},
pages = {},
title = {A Study on Sigmoid Kernels for SVM and the Training of non-PSD Kernels by SMO-type Methods},
journal = {Neural Computation}
}

@misc{sk-svm,
  author = {Scikit-learn Developers},
  title = {Support Vector Machines},
  howpublished = {\url{https://scikit-learn.org/stable/modules/svm.html}},
  year = {2024},
  note = {Accessed: 2024-10-23}
}

@article{rbf,
  author = {Roman, I. and Santana, R. and Mendiburu, A. and others},
  title = {In-depth analysis of SVM kernel learning and its components},
  journal = {Neural Computing and Applications},
  volume = {33},
  pages = {6575--6594},
  year = {2021},
  doi = {10.1007/s00521-020-05419-z}
}
