@article{quadratic,
  author = {Dagher, I.},
  title = {Quadratic kernel-free non-linear support vector machine},
  journal = {Journal of Global Optimization},
  volume = {41},
  pages = {15--30},
  year = {2008},
  doi = {10.1007/s10898-007-9162-0}
}

@misc{sk-svm,
  author = {Scikit-learn Developers},
  title = {Support Vector Machines},
  howpublished = {\url{https://scikit-learn.org/stable/modules/svm.html}},
  year = {2024},
  note = {Accessed: 2024-10-23}
}

@article{rbf,
  author = {Roman, I. and Santana, R. and Mendiburu, A. and others},
  title = {In-depth analysis of SVM kernel learning and its components},
  journal = {Neural Computing and Applications},
  volume = {33},
  pages = {6575--6594},
  year = {2021},
  doi = {10.1007/s00521-020-05419-z}
}
